5778 9301
395 1999 4514 271 Les voix recueillies séparément, conformément à l'article 131 du Code de justice militaire, en commençant par le grade inférieur

286 2193 3134 209 le Président ayant émis son opinion le dernier, le Conseil de guerre permanent déclare

1178 2333 3777 263 Attendu que le Conseil ne se trouve pas sufisamment

224 2534 4700 225 éclairé sur l'état mental de l'accusé qui a eu une attitude bizarre

160 2655 3059 186 à l'Instruction, mais surtout à l'audience

279 2767 4653 348 Déclare à l'unanimité, faire droit aux conclusions du défenseur

372 3929 4576 225 Sur quoi, et attendu les conclusions prises par le Commissaire du Gouvernement dans ses réquisitions, le Président a lu le texte

294 4076 4646 248 de la loi, recueilli de nouveau les voix dans la forme prescrite par les articles 131 et 134 du Code de justice militaire pour l'appli-

279 4216 659 163 cation de la peine.

380 4301 3800 186 Le Conseil est rentré en séance publique, le Président a lu les motifs qui précèdent et le dispositif ci-dessous.

279 4438 4605 191 En conséquence, le Conseil (1) jugeant avant faire droit, ordonne,

149 4598 4683 265 à l'umaninité, renvoyer l'affaire à une séance qui sera

118 4712 4724 248 ultérieurement fixée, pour, après examen mental, être procédé

224 4890 4514 264 à de nouveaux débats, conformément à l'article 129 du Code

155 5074 2095 193 de Justice Militaire ainsi concu:

248 5216 4661 287 Article 129 du Code de Justice militaire: « -- Le Conseil prononce sur la suspension

154 5421 4910 283 à la majorité des voix et dans le cas où la suspension dure plus de quarante-huit

87 5559 2269 233 heures les débats sont recommencés en entier

372 8533 4568 147 (1) Avoir soin de spécifier, s"il y a lieu, après l'indication de la peine infligée, la décision motivée du Conseil relative à la non-imputation pour tout ou

202 8630 2128 133 partie de la détention préventive sur la durée de la peine prononcée.
