6423 9397
1496 477 2475 180 Delapore devant la garde rassemblée sous les armes,

1608 339 4753 198 Enjoint au Commissaire du Gouvernement de faire donner immédiatement en sa présence lecture du présent jugement au soldat

1597 563 4583 188 de avertir que la loi accorde un délai de trois jours francs pour se pourvoir en cassation (1), ou de vingt-quatre heures

1577 715 1175 167 pour se pourvoir en revision (2)

1668 924 3932 219 Fait, clos et jugé sans désemparer, en séance publique, à Hesdin, les jour, mois et an que dessus.

1581 1326 4746 122 exécution; aux Procureurs généraux et aux Procureurs de la République près les tribunaux de première instance d'y tenir la

1684 1158 4582 188 En conséquence, LE PRÉSIDENT DE LA RÉPUBLIQUE MANDE et ORDONNE à tous huissiers sur ce requis de mettre ledit jugement à

1582 1401 4167 180 main; à tous commandants et officiers de la force publique de prêter main-forte lorsqu'ils en seront légalement requis.

1676 1605 3266 219 En foi de quoi le présent jugement a été signé par les Membres du Conseil et par le Greffier.

1738.0 2020.0 1246.0 313.0 +

3321.0 1895.0 767.0 430.0 +

5396.0 2145.0 799.0 321.0 +

4143.0 1902.0 1050.0 643.0 +

4558.0 2310.0 439.0 462.0 +

2561.0 2270.0 971.0 494.0 +

1652 2772 4708 156 L'an mil neuf cent quatorze le dix-huit novembre le présent jugement à été lu par nous, Greffier soussigné, au soldat Delaporte

1394 2842 995 204 Gaston Jules Adolphe

3258 2858 2984 196 averti par le Commissaire du Gouvernement que l'article 44 de la loi du 17 avril

1593 3012 4243 135 1906 accorde trois jours pour se pourvoir en cassation (1), ou que les articles 141 et 143 du Code de justice militaire

1558 3077 4465 227 accordent vingt-quatre heures pour se pourvoir en revision (2), lesquels commencent à courir de l'expiration du présent jour.

6086 3101 188 234 Cette

1468 3232 2361 150 lecture faite en présence de la garde rassemblée sous les armes.

2469.0 3377.0 1348.0 214.0 Le Commissaire du Gouvernement,

4892.0 3393.0 408.0 256.0 Le Greffier

4801.0 3500.0 501.0 485.0 +

2906.0 3610.0 791.0 352.0 +

3422 4111 956 235 EXÉCUTOIRE.

1652 4596 3596 251 Vu sa procédure instruite contre le soldat Delaporte Gaston Jules Adolphe

1543 4753 1386 227 et les frais d'icelle dont le détail suit:

1934 4894 3392 219 1^o Coût du transport des pièces et objets pouvant servie à conviction ou à décharge................. ......

1934 5050 3415 173 2^o Honoraires des officiers de santé, médecins, chirurgiens civils, sages-femmes, experts, interprètes, traducteurs et

2075 5144 3259 173 autres, appelés en justice.................................................................

1926 5230 3408 181 3^o Indemnités accordées aux témoins civils et militaires..............................................

1926 5332 3408 173 4^o Frais de garde de scellés et ceux de mise en fourrière.............................................

1919 5418 3407 181 5^o Indemnités de route, de transport et de séjour, accordées aux membres des tribunaux militaires pour les dépla-

2060 5512 3282 196 cements auxquels l'instruction des procédures peut donner lieu, ainsi que toutes autres dépenses nécessitées

2067 5622 3267 164 de ce chef..............................................................................

1919 5708 3430 196 6^o Port des lettres et paquets pour l'instruction, sauf le port des lettres résultant de l'application de la loi du

2067 5810 3267 141 15 juin 1899............................................................................

1919 5888 3399 188 7^o Frais l'impression des arrêts, jugements et ordonnances de justice, quand il y a lieu..................

1911 5990 3423 165 8^o Prime de capture des contumax, des déserteurs et des insoumis......................................

1911 6100 3407 164 9^o Frais résultant de l'obtention des extraits du casier judiciaire.........................................

1887 6194 3447 164 10^o Prix du bulletin n^1 et du duplicata dudit (décret du 12 décembre 1899, art. 13).....................

1879 6288 3455 188 11^o Coût des bulletins n^1 et du duplicata de ces bulletins établis par les greffiers des conseils de guerre au sujet

2099 6389 3235 181 des condamnations prononcées par ces conseils (décret du 12 décembre 1899, art. 13)....................

1872 6452 3728 219 12^o Frais de procédure ou coût du jugement........................................................ 12^f 00

1872 6577 3446 173 13^o Amende.........................................................................................

1872 6664 3438 187 14^o Décimes additionnels (en France)...............................................................

1887 6765 3431 180 15^o Frais fixes de procédure devant la Cour de cassation ou le Conseil de revision...........................

1864 6851 3454 212 16^o Frais fixes de procédure devant le Conseil de guerre jugeant en 2ᵉ instance.............................

3117 7024 2225 211 TOTAL..................................................

1621 7243 4606 282 Vu le dispositif du jugement définitif, l'article 139 du Code de justice militaire, le Président du - Conseil de guerre

1527 7423 3446 188 permanent de la - liquide les frais dont l'état est ci-dessus à la somme de

3281 7548 2938 220 du montant de laquelle il délivre le présent exécutoire, pour le recouvrement de

1527 7627 4551 242 ladite somme être poursuivi sur les biens présents et à venir d - condamné, par les percepteurs des Contributions directes.

1613 7760 4598 219 En conséquence, LE PRÉSIDENT DE LA RÉPUBLIQUE MANDE ET ORDONNE a tous huissiers sur ce requis de mettre ledit jugement à

1519 7862 4692 297 exécution; aux Procureurs généraux et aux Procureurs de la République près les tribunaux de première instance d'y tenir la

1511 7995 4222 211 main; à tous commandants et officiers de la force publique de prêter main-forte lorsqu'ils en seront légalement requis.

1605 8104 4034 267 Fait en la Chambre du Conseil de guerre susdit, à Hesdin (Pas-de-Calais), le 18 Novembre 1914

1597 8574 1222 141 (1) En France, en Algérie et en Tunisie.

1590 8645 955 164 (2) Aux colonies et aux armées.

4543 8394 470 149 Le Président,

4543.0 8519.0 1167.0 329.0 +
